@misc{Authors01,
 author = {Leon A. Gatys and Alexander S. Ecker and Matthias Bethge},
 title = {Image Style Transfer Using Convolutional Neural Networks},
 note = {Computer Vision and Pattern Recognition},
 year = 2016
}

@misc{Authors02,
 author = {Ulyanov Dmitry and Lebedev Vadim and Vedaldi Andrea and Lempitsky Victor},
 title = {Texture Networks: Feed-forward Synthesis of Textures and Stylized Images},
 journal = {arXiv:1603.03417},
 year = 2016
}

@article{Authors03,
author = {Johnson Justin and Alahi Alexandre and Fei-Fei Li},
title = {Perceptual Losses for Real-Time Style Transfer and Super-Resolution},
journal = {arXiv:1603.08155},
year = 2016
}

@article{Authors04,
author = {Hang Zhang and Kristin Dana},
title = {Multi-style Generative Network for Real-time Transfer},
journal = {arXiv:1703.06953},
year = 2017
}

@article{Authors05,
author = {Karen Simonyan and Andrew Zisserman},
title = {VERY DEEP CONVOLUTIONAL NETWORKS FOR LARGE-SCALE IMAGE RECOGNITION},
journal = {ICLR},
year = 2015
}

@misc{Authors06,
 author = {Leon A. Gatys and Alexander S. Ecker and Matthias Bethge},
 title = {Texture Synthesis Using Convolutional Neural Networks},
 note = {In Advances in Neural Information Processing Systems 28},
 year = 2015
}

@misc{Authors07,
 author = {Gregory R. Koch},
 title = {Siamese Neural Networks for One-shot Image Recognition},
 year = 2015
}

@misc{Authors08,
 author = {He Kaiming and Zhang Xiangyu and Ren Shaoqing and Sun Jian},
 title = {Deep Residual Learning for Image Recognition},
 journal = {arXiv:1512.03385},
 year = 2015
}








